<?xml version="1.0" encoding="UTF-8"?><record xmlns="http://www.loc.gov/MARC21/slim" xmlns:cinclude="http://apache.org/cocoon/include/1.0" xmlns:zs="http://www.loc.gov/zing/srw/">
  <leader>00468cz  a2200133n  4500</leader>
  <controlfield tag="001">n 2002092102</controlfield>
  <controlfield tag="003">DLC</controlfield>
  <controlfield tag="005">20020111114547.0</controlfield>
  <controlfield tag="008">020111n| acannaabn          |a aaa      </controlfield>
  <datafield tag="010" ind1=" " ind2=" ">
    <subfield code="a">n 2002092102</subfield>
  </datafield>
  <datafield tag="040" ind1=" " ind2=" ">
    <subfield code="a">DLC</subfield>
    <subfield code="b">eng</subfield>
    <subfield code="c">DLC</subfield>
  </datafield>
  <datafield tag="100" ind1="1" ind2=" ">
    <subfield code="a">Stankevich, N. G.</subfield>
    <subfield code="q">(Nadezhda Genrikhovna)</subfield>
  </datafield>
  <datafield tag="400" ind1="1" ind2=" ">
    <subfield code="a">Stankevich, Nadezhda Genrikhovna</subfield>
  </datafield>
  <datafield tag="670" ind1=" " ind2=" ">
    <subfield code="a">Kommentariĭ k zakonodatelʹstvu Respubliki Belarusʹ o zemle, 2001:</subfield>
    <subfield code="b">t.p. (N.G. Stankevich) colophon (Stankevich Nadezhda Genrikhovna)</subfield>
  </datafield>
</record>